@article{exampleCitation,
  author       = "Yourself",
  title        = "Your face",
  howpublished = "\url{http://}",
  journal      = "Journal",
  volume       = "1",
  year         = "2023",
  doi          = "10.X/",
}

@online{code,
  author       = "Dummy author",
  title        = "Some title",
  url = "https://www.overleaf.com/learn/latex/Code_Highlighting_with_minted",
  urldate = {2010-09-30}
}